%%%%%%%%%%%%%%%%%%%%%%%%%%%%%% 
% Books

@Book{Zarrella10,
  author = {Dan Zarrella},
  title = {The Social Media Marketing Book},
  publisher = {O’Reilly Media, Inc.},
  year = {2010},
  address = {Canada},
  language = {English},
  isbn = {978-0-596-80660-6}
}

@Book{Brogan12,
  author = {Chris Brogan},
  title = {Google+ for Business},
  subtitle = {How Google’s Social Network Changes Everything},
  publisher = {QUE},
  year = {2012},
  address = {Indianapolis, United States of America},
  language = {English},
  isbn = {978-0-7897-4914-7}
}


%%%%%%%%%%%%%%%%%%%%%%%%%%%%%%%
% Manuals or online PDFs

@Manual{man:google+13,
  author = {Google Inc.},
  title = {The guide to Google+ for business Getting started},
  year = {2013},
  month = {05},
  day = {17},
  language = {English},
  url = {http://static.googleusercontent.com/media/www.google.com/pl//+/business/brands/assets/getstarted_guide.pdf},
  urlday = {24},
  urlmonth = {5},
  urlyear = {2014}
  
}

@Manual{Hines12,
  author = {Kristi Hines},
  title = {How to Use Google+ for Business 
and Professional Branding},
  publisher = {Wordtracker},
  year = {2012},
  month = {5},
  day = {18},
  language = {English},
  url = {http://www.wordtracker.com/attachments/google-plus-final.pdf}
}

%@Manual{Wytrebowicz13,
%  author = {Jacek Wytrębowicz},
%  title = {http://www.google.com/intl/pl/+/business/index.html},
%  year = {2013},
%  month = {05},
%  version = {7},
%  url = {http://www.google.com/intl/pl/+/business/promote.html}
%}


%%%%%%%%%%%%%%%%%%%%%%%%%%%%%%%
% Web Pages

@Online{url:google-plus-firmy,
  author = {Google Inc.},  
  title = {Google + Firmy},  
  year = {2014},
  month = {5},
  day = {24}, 
  url = {http://www.google.com/intl/pl/+/business/index.html}
}

@Online{url:gemius-ranking-silnikow-wyszukiwarek,
  author = {Gemius},  
  title = {Ranking silników wyszukiwarek},  
  year = {2014},
  month = {5},
  day = {24}, 
  url = {http://ranking.pl/pl/rankings/search-engines.html}
}

@Online{url:google-plus-firmy-panel-google,
  author = {Google Inc.},  
  title = {Panel Google+. Zarządzaj informacjami o swojej firmie z jednego miejsca.},  
  year = {2014},
  month = {5},
  day = {24},
  url = {http://www.google.com/intl/pl/+/business/manage.html}
}
