%%%%%%%%%%%%%%%%%%%%%%%%%%%%%%%
% Web Pages

@Online{url:wiki-media-spolecznosciowe,
  author = {Wikipedia},
  title = {Media społecznościowe},
  year = {2011},
  month = {12},
  day = {19},
  url = {http://pl.wikipedia.org/wiki/Media_społecznościowe},
  urlday = {26},
  urlmonth = {5},
  urlyear = {2014}
}


@Online{url:wiki-mashup,
  author = {Wikipedia},
  title = {Mashup (web application hybrid)},
  year = {2012},
  month = {7},
  day = {30},
  url = {http://en.wikipedia.org/wiki/Mashup_(web_application_hybrid)},
  urlday = {25},
  urlmonth = {5},
  urlyear = {2014}
}

@Online{url:kursusability-social-media,
  author = {Tomasz Krawatka},
  title = {Media społecznościowe (social media)},
  url = {http://www.kursusability.pl/slownik-interactive/media-spolecznosciowe--ang-social-media-},
  urlday = {26},
  urlmonth = {5},
  urlyear = {2014}
}

@Online{url:wiki-facebook,
  author = {Wikipedia},
  title = {Facebook},
  year = {2014},
  month = {2},
  day = {4},
  url = {http://pl.wilipedia.org/wiki/Facebook},
  urlday = {25},
  urlmonth = {5},
  urlyear = {2014}
}


@Online{url:wp-facebook-w-polsce,
  author = {TW},
  title = {10,7 mln użytkowników Facebooka w Polsce},
  year = {2013},
  month = {5},
  day = {6},
  url = {http://www.wirtualnemedia.pl/artykul/10-7-mln-uzytkownikow-fecebooka-w-polsce-serce-i-rozum-ma-najwiecej-fanow},
  urlday = {24},
  urlmonth = {5},
  urlyear = {2014}
}
